@book{wiedemann2015particle,
  title={Particle accelerator physics},
  author={Wiedemann, Helmut},
  year={2015},
  publisher={Springer Nature}
}

@misc{holzer2014,
  doi = {10.5170/CERN-2014-009.61},
  url = {https://cds.cern.ch/record/1982419},
  author = {Holzer, BJ},
  keywords = {Accelerators and Storage Rings},
  language = {en},
  title = {Lattice Design in High-energy Particle Accelerators},
  publisher = {CERN},
  year = {2014}
}

@book{wille2000physics,
  title={The Physics of Particle Accelerators: An Introduction},
  author={Wille, K. and McFall, J.},
  year={2000},
  publisher={Oxford University Press}
}

@book{leon2006linear,
  title={Linear algebra with applications},
  author={Leon, Steven J and De Pillis, Lisette and De Pillis, Lisette G},
  year={2006},
  publisher={Pearson Prentice Hall Upper Saddle River, NJ}
}

@book{pillow2018Statistical,
  author = {Jonathan Pillow},
  title = {Statistical Modeling and Analysis of Neural Data},
  chapter = {Lecture 2 notes: SVD},
  institution = {Princeton University},
  year = {2018},
}

@inproceedings{white1997hybrid,
  title={A hybrid numerical method for orbit correction},
  author={White, Greg and Himel, Tom and Shoaee, Hamid},
  booktitle={Proceedings of the 1997 Particle Accelerator Conference (Cat. No. 97CH36167)},
  volume={2},
  pages={2425--2427},
  year={1997},
  organization={IEEE}
}

@inproceedings{chiu2008conceptual,
  title={Conceptual Design and Performance Estimation of the TPS fast orbit feedback system},
  author={Chiu, PC and Kuo, CH and Chen, Jenny and Hu, KH and Hsu, KT},
  year={2008},
  organization={Citeseer}
}

@article{klute2011petra,
  title={The PETRA III Fast Orbit Feedback System},
  author={Klute, J and Duhme, HT and Balewski, K and Tiessen, H and Wierzcholek, F},
  journal={DIPAC ‘11, Hamburg, Germany},
  year={2011}
}

@misc{Welcomet22:online,
  author = {ATcollab},
  title = {Welcome to pyAT's documentation! — Accelerator Toolbox documentation},
  howpublished = {\url{https://atcollab.github.io/at/p/index.html}},
  month = {},
  year = {},
  note = {(Accessed on 07/03/2022)}
}

@article{gaupp1988beam,
  title={Beam position monitors},
  author={Gaupp, A and Wolf, FP},
  journal={Synchrotron Radiation News},
  volume={1},
  number={3},
  pages={27--31},
  year={1988},
  publisher={Taylor \& Francis}
}

@article{forck2009beam,
  title={Beam position monitors},
  author={Forck, Peter and Liakin, Dmitry and Kowina, Piotr},
  year={2009},
  publisher={CERN}
}

@misc{fasthori26,
  author = {},
  title = {Fast Horizontal and Vertical Correctors},
  url = {https://www.desy.de/~sahoo/WebPage/fast%20correctors.htm},
  month = {},
  year = {},
  note = {(Accessed on 07/04/2022)}
}

@inproceedings{montag1999simulation,
  title={Simulation of ground motion induced proton beam orbit vibration in HERA},
  author={Montag, C},
  booktitle={Proceedings of the 1999 Particle Accelerator Conference (Cat. No. 99CH36366)},
  volume={3},
  pages={1566--1568},
  year={1999},
  organization={IEEE}
}