@book{Schroer:426140,
      author       = {C.G. Schroer et al.},
      editor       = {Roehlsberger, Ralf and Weckert, Edgar and Wanzenberg,
                      Rainer and Agapov, Ilya and Brinkmann, Reinhard and Leemans,
                      Wim},
      title        = {{PETRA} {IV}: upgrade of {PETRA} {III} to the {U}ltimate
                      3{D} {X}-ray microscope. {C}onceptual {D}esign {R}eport},
      address      = {Hamburg},
      publisher    = {Deutsches Elektronen-Synchrotron DESY},
      reportid     = {PUBDB-2019-03613},
      isbn         = {9783945931264},
      pages        = {259 pages : illustrations, diagrams},
      year         = {2019},
      keywords     = {DESY (DE-H253) / PETRA IV (DE-H253) / CDR (DE-H253) /
                      Conceptual Design Report (DE-H253)},
      cin          = {L / FS-PE / FS-PETRA / M},
      ddc          = {539.04},
      cid          = {I:(DE-H253)L-20120731 / I:(DE-H253)FS-PE-20120731 /
                      I:(DE-H253)FS-PETRA-20140814 / I:(DE-H253)M-20120731},
      pnm          = {899 - ohne Topic (POF3-899)},
      pid          = {G:(DE-HGF)POF3-899},
      experiment   = {EXP:(DE-H253)PETRAIII(machine)-20150101},
      typ          = {PUB:(DE-HGF)3},
      doi          = {10.3204/PUBDB-2019-03613},
      url          = {https://bib-pubdb1.desy.de/record/426140},
}

@book{willmott2019introduction,
  title={An introduction to synchrotron radiation: techniques and applications},
  author={Willmott, Philip},
  year={2019},
  publisher={John Wiley \& Sons}
}

@article{Safranek:1999fr,
  author = "Safranek, J.",
  editor = "Bulfone, D. and Daneels, A.",
  title = "{Orbit control at synchrotron light sources}",
  reportNumber = "SLAC-REPRINT-1999-040",
  journal = "Conf. Proc. C",
  volume = "991004",
  pages = "240--244",
  year = "1999"
}

@article{sahoo2004closed,
  title={Closed orbit correction and orbit stabilization scheme for the 6 GeV synchrotron light source PETRA III},
  author={Sahoo, Gajendra Kumar and Balewski, Klaus and Decking, Winfried and Li, Yongjun},
  journal={EPAC-2004, Lucerne},
  pages={2302--2304},
  year={2004}
}